@article{article,
author = {Gruenstein, Alexander and Niekrasz, John and Purver, Matthew},
year = {2018},
month = {01},
pages = {},
title = {Meeting structure annotation: Data and tools}
}