@article{article,
author = {Hovy, Eduard and Lavid, Julia},
year = {2010},
month = {01},
pages = {13-36},
title = {Towards a 'science' of corpus annotation: A new methodological challenge for corpus linguistics},
volume = {22},
booktitle = {International Journal of Translation Studies}
}