@ARTICLE{Pevzner2002,
author={Pevzner, L. and Hearst, M.A.},
title={A critique and improvement of an evaluation metric for text segmentation},
journal={Computational Linguistics},
year={2002},
volume={28},
number={1},
pages={19-36},
doi={10.1162/089120102317341756},
note={cited By 154},
url={https://www.scopus.com/inward/record.uri?eid=2-s2.0-0037870455&doi=10.1162%2f089120102317341756&partnerID=40&md5=279abc4e76fcfc2c4a1896e76a245034},
document_type={Article},
source={Scopus},
}

@CONFERENCE{Banerjee2006,
author={Banerjee, S. and Rudnicky, A.I.},
title={A TextTiling based approach to topic boundary detection in meetings},
journal={Proceedings of the Annual Conference of the International Speech Communication Association, INTERSPEECH},
year={2006},
volume={1},
pages={57-60},
note={cited By 3},
url={https://www.scopus.com/inward/record.uri?eid=2-s2.0-44949112191&partnerID=40&md5=c795de090b91bcfd87663a2f836d86ff},
document_type={Conference Paper},
source={Scopus},
}


@CONFERENCE{Salton1996,
author={Salton, Gerard and Singhal, Amit and Buckley, Chris and Mitra, Mandar},
title={Automatic text decomposition using text segments and text themes},
journal={Proceedings of the ACM Conference on Hypertext},
year={1996},
pages={53-65},
note={cited By 50},
url={https://www.scopus.com/inward/record.uri?eid=2-s2.0-0029719642&partnerID=40&md5=b19ece3b323f83d5c1b14e6dcfb8cfdc},
document_type={Conference Paper},
source={Scopus},
}


@CONFERENCE{Kern2009,
author={Kern, R. and Granitzer, M.},
title={Efficient linear text segmentation based on information retrieval techniques},
journal={Proceedings of the International Conference on Management of Emergent Digital EcoSystems, MEDES '09},
year={2009},
pages={167-171},
doi={10.1145/1643823.1643854},
note={cited By 10},
url={https://www.scopus.com/inward/record.uri?eid=2-s2.0-74549147972&doi=10.1145%2f1643823.1643854&partnerID=40&md5=1c6f73bc0e07446fcc178440e48bbc40},
document_type={Conference Paper},
source={Scopus},
}



@Article{Beeferman1999,
author="Beeferman, Doug
and Berger, Adam
and Lafferty, John",
title="Statistical Models for Text Segmentation",
journal="Machine Learning",
year="1999",
volume="34",
number="1",
pages="177--210",
issn="1573-0565",
doi="10.1023/A:1007506220214",
url="http://dx.doi.org/10.1023/A:1007506220214"
}



@article{CHAIBI2014,
title = "Topic Segmentation for Textual Document Written in Arabic Language",
journal = "Procedia Computer Science",
volume = "35",
number = "",
pages = "437 - 446",
year = "2014",
note = "",
issn = "1877-0509",
doi = "http://dx.doi.org/10.1016/j.procs.2014.08.124",
url = "http://www.sciencedirect.com/science/article/pii/S1877050914010898",
author = "Anja Habacha Chaibi and Marwa Naili and Samia Sammoud",
keywords = "Topic segmentation",
keywords = "Arabic language processing",
keywords = "ArabC99",
keywords = "ArabTextTiling."
}


@article{Bokaei2015,
 author = {Bokaei, Mohammad Hadi and Sameti, Hossein and Liu, Yang},
 title = {Linear Discourse Segmentation of Multi-party Meetings Based on Local and Global Information},
 journal = {IEEE/ACM Trans. Audio, Speech and Lang. Proc.},
 issue_date = {November 2015},
 volume = {23},
 number = {11},
 month = nov,
 year = {2015},
 issn = {2329-9290},
 pages = {1879--1891},
 numpages = {13},
 url = {http://dx.doi.org/10.1109/TASLP.2015.2456430},
 doi = {10.1109/TASLP.2015.2456430},
 acmid = {2824173},
 publisher = {IEEE Press},
 address = {Piscataway, NJ, USA},
 keywords = {dynamic programming approach, linear discourse segmentation, meeting function segmentation, unsupervised algorithm}
}

@INPROCEEDINGS{Choi2001-LSA,
    author = {Freddy Y. Y. Choi and Peter Wiemer-Hastings and Johanna Moore},
    title = {Latent Semantic Analysis for Text Segmentation},
    booktitle = {In Proceedings of EMNLP},
    year = {2001},
    pages = {109--117}
}

@inproceedings{Choi2000,
 author = {Choi, Freddy Y. Y.},
 title = {Advances in Domain Independent Linear Text Segmentation},
 booktitle = {Proceedings of the 1st North American Chapter of the Association for Computational Linguistics Conference},
 series = {NAACL 2000},
 year = {2000},
 location = {Seattle, Washington},
 pages = {26--33},
 numpages = {8},
 url = {http://dl.acm.org/citation.cfm?id=974305.974309},
 acmid = {974309},
 publisher = {Association for Computational Linguistics},
 address = {Stroudsburg, PA, USA}
} 

@article{Hearst1997,
 author = {Hearst, Marti A.},
 title = {TextTiling: Segmenting Text into Multi-paragraph Subtopic Passages},
 journal = {Comput. Linguist.},
 issue_date = {March 1997},
 volume = {23},
 number = {1},
 month = mar,
 year = {1997},
 issn = {0891-2017},
 pages = {33--64},
 numpages = {32},
 url = {http://dl.acm.org/citation.cfm?id=972684.972687},
 acmid = {972687},
 publisher = {MIT Press},
 address = {Cambridge, MA, USA}
}

@inproceedings{Galley2003,
 author = {Galley, Michel and McKeown, Kathleen and Fosler-Lussier, Eric and Jing, Hongyan},
 title = {Discourse Segmentation of Multi-party Conversation},
 booktitle = {Proceedings of the 41st Annual Meeting on Association for Computational Linguistics - Volume 1},
 series = {ACL '03},
 year = {2003},
 location = {Sapporo, Japan},
 pages = {562--569},
 numpages = {8},
 url = {http://dx.doi.org/10.3115/1075096.1075167},
 doi = {10.3115/1075096.1075167},
 acmid = {1075167},
 publisher = {Association for Computational Linguistics},
 address = {Stroudsburg, PA, USA}
} 


@inproceedings{Hearst1994,
 author = {Hearst, Marti A.},
 title = {Multi-paragraph Segmentation of Expository Text},
 booktitle = {Proceedings of the 32Nd Annual Meeting on Association for Computational Linguistics},
 series = {ACL '94},
 year = {1994},
 location = {Las Cruces, New Mexico},
 pages = {9--16},
 numpages = {8},
 url = {http://dx.doi.org/10.3115/981732.981734},
 doi = {10.3115/981732.981734},
 acmid = {981734},
 publisher = {Association for Computational Linguistics},
 address = {Stroudsburg, PA, USA}
} 

@inproceedings{Reynar1999,
 author = {Reynar, Jeffrey C.},
 title = {Statistical Models for Topic Segmentation},
 booktitle = {Proceedings of the 37th Annual Meeting of the Association for Computational Linguistics on Computational Linguistics},
 series = {ACL '99},
 year = {1999},
 isbn = {1-55860-609-3},
 location = {College Park, Maryland},
 pages = {357--364},
 numpages = {8},
 url = {http://dx.doi.org/10.3115/1034678.1034735},
 doi = {10.3115/1034678.1034735},
 acmid = {1034735},
 publisher = {Association for Computational Linguistics},
 address = {Stroudsburg, PA, USA}
} 


@INPROCEEDINGS{Boguraev2000,
    author = {Branimir K. Boguraev and Mary S. Neff},
    title = {Discourse Segmentation in Aid of Document Summarization},
    booktitle = {In Proceedings of Hawaii Int. Conf. on System Sciences (HICSS-33), Minitrack on Digital Documents Understanding, IEEE},
    year = {2000}
}

@INPROCEEDINGS{Boguraev2000b,
    author = {Branimir K. Boguraev and Mary S. Neff},
    title = {Lexical Cohesion, Discourse Segmentation and Document Summarization},
    booktitle = {In RIAO-2000, Content-Based Multimedia Information Access},
    year = {2000}
}

@phdthesis{Reynar1998,
 author = {Reynar, Jeffrey C.},
 advisor = {Marcus, Mitchell P.},
 title = {Topic Segmentation: Algorithms and Applications},
 year = {1998},
 isbn = {0-591-82806-5},
 note = {AAI9829978},
 publisher = {University of Pennsylvania},
 address = {Philadelphia, PA, USA}
} 

@inproceedings{Hsueh2006,
  title={Automatic Segmentation of Multiparty Dialogue},
  author={Pei-yun Hsueh and Johanna D. Moore and Steve Renals},
  booktitle={EACL},
  year={2006}
}


@article{Tur2010,
 author = {Tur, Gokhan and Stolcke, Andreas and Voss, Lynn and Peters, Stanley and Hakkani-T\"{u}r, Dilek and Dowding, John and Favre, Benoit and Fern\'{a}ndez, Raquel and Frampton, Matthew and Frandsen, Mike and Frederickson, Clint and Graciarena, Martin and Kintzing, Donald and Leveque, Kyle and Mason, Shane and Niekrasz, John and Purver, Matthew and Riedhammer, Korbinian and Shriberg, Elizabeth and Tien, Jing and Vergyri, Dimitra and Yang, Fan},
 title = {The CALO Meeting Assistant System},
 journal = {Trans. Audio, Speech and Lang. Proc.},
 issue_date = {August 2010},
 volume = {18},
 number = {6},
 month = aug,
 year = {2010},
 issn = {1063-6676},
 pages = {1601--1611},
 numpages = {11},
 url = {http://dx.doi.org/10.1109/TASL.2009.2038810},
 doi = {10.1109/TASL.2009.2038810},
 acmid = {1862972},
 publisher = {IEEE Press},
 address = {Piscataway, NJ, USA},
 keywords = {multiparty meetings processing, speech recognition, spoken language understanding}
} 

@inproceedings{Carletta2005,
 author = {Carletta, Jean and Ashby, Simone and Bourban, Sebastien and Flynn, Mike and Guillemot, Mael and Hain, Thomas and Kadlec, Jaroslav and Karaiskos, Vasilis and Kraaij, Wessel and Kronenthal, Melissa and Lathoud, Guillaume and Lincoln, Mike and Lisowska, Agnes and McCowan, Iain and Post, Wilfried and Reidsma, Dennis and Wellner, Pierre},
 title = {The AMI Meeting Corpus: A Pre-announcement},
 booktitle = {Proceedings of the Second International Conference on Machine Learning for Multimodal Interaction},
 series = {MLMI'05},
 year = {2006},
 isbn = {3-540-32549-2, 978-3-540-32549-9},
 location = {Edinburgh, UK},
 pages = {28--39},
 numpages = {12},
 url = {http://dx.doi.org/10.1007/11677482_3},
 doi = {10.1007/11677482_3},
 acmid = {2096425},
 publisher = {Springer-Verlag},
 address = {Berlin, Heidelberg}
}



@INPROCEEDINGS{Janin2003,
    author = {Adam Janin and Don Baron and Jane Edwards and Dan Ellis and David Gelbart and Nelson Morgan and Barbara Peskin and Thilo Pfau and Elizabeth Shriberg and Andreas Stolcke and Chuck Wooters},
    title = {The ICSI Meeting Corpus},
    booktitle = {Proceedings of the IEEE International Conference on Acoustics, Speech, and Signal Processing},
    year = {2003},
    pages = {364--367}
}

%@inproceedings{Janin2003, 
%title = {The ICSI Meeting Corpus},
%author = {A Janin and D Baron and J Edwards and D Ellis and D Gelbart and N Morgan}, 
%booktitle = {Proceedings of the IEEE International Conference on Acoustics, Speech, and Signal Processing}, 
%pages = {364-367}, 
%year = {2003} 
%}

@inproceedings{Kozima1993,
 author = {Kozima, Hideki},
 title = {Text Segmentation Based on Similarity Between Words},
 booktitle = {Proceedings of the 31st Annual Meeting on Association for Computational Linguistics},
 series = {ACL '93},
 year = {1993},
 location = {Columbus, Ohio},
 pages = {286--288},
 numpages = {3},
 url = {http://dx.doi.org/10.3115/981574.981616},
 doi = {10.3115/981574.981616},
 acmid = {981616},
 publisher = {Association for Computational Linguistics},
 address = {Stroudsburg, PA, USA}
} 

@inproceedings{Misra2009,
 author = {Misra, Hemant and Yvon, Fran\c{c}ois and Jose, Joemon M. and Cappe, Olivier},
 title = {Text Segmentation via Topic Modeling: An Analytical Study},
 booktitle = {Proceedings of the 18th ACM Conference on Information and Knowledge Management},
 series = {CIKM '09},
 year = {2009},
 isbn = {978-1-60558-512-3},
 location = {Hong Kong, China},
 pages = {1553--1556},
 numpages = {4},
 url = {http://doi.acm.org/10.1145/1645953.1646170},
 doi = {10.1145/1645953.1646170},
 acmid = {1646170},
 publisher = {ACM},
 address = {New York, NY, USA},
 keywords = {dynamic programming, latent dirichlet allocation, text segmentation, unsupervised topic modeling}
} 

@article{Demsar2006,
 author = {Dem\v{s}ar, Janez},
 title = {Statistical Comparisons of Classifiers over Multiple Data Sets},
 journal = {J. Mach. Learn. Res.},
 issue_date = {12/1/2006},
 volume = {7},
 month = dec,
 year = {2006},
 issn = {1532-4435},
 pages = {1--30},
 numpages = {30},
 url = {http://dl.acm.org/citation.cfm?id=1248547.1248548},
 acmid = {1248548},
 publisher = {JMLR.org}
} 

@inproceedings{Sitbon2004,
 author = {Sitbon, Laurianne and Bellot, Patrice},
 title = {Adapting and Comparing Linear Segmentation Methods for French},
 booktitle = {Coupling Approaches, Coupling Media and Coupling Languages for Information Retrieval},
 series = {RIAO '04},
 year = {2004},
 isbn = {905450-09-6},
 location = {Vaucluse, France},
 pages = {623--637},
 numpages = {15},
 url = {http://dl.acm.org/citation.cfm?id=2816272.2816329},
 acmid = {2816329},
 publisher = {LE CENTRE DE HAUTES ETUDES INTERNATIONALES D'INFORMATIQUE DOCUMENTAIRE},
 address = {Paris, France, France}
}

@InProceedings{Lee2011,
 author = {Jae-Kul Lee and Hyun-Je Song and Seong-Bae Park and Nick Bassiliades},
 title = {Two-Step Sentence Extraction for Summarization of Meeting Minutes},
 journal = {Eighth International Conference on Information Technology: New Generations},
 year = {2011},
 volume = {39},
 pages = {614--619}
}

@ARTICLE{Masakazu2013,
 author = {Masakazu TAKAHASHI and Kenji KIDO and Kazuhiro HASHIMOTO},
 title = {Towards the Profitability Trend Extraction from the Board Meeting Proceedings},
 journal = {17th International Conference in Knowledge Based and Intelligent Information and Engineering Systems - KES2013},
 volume = {78},
 year = {2013}
}

@ARTICLE{Miriam2013,
 author = {Miriam Schwartz-Ziv and Michael S. Weisbach},
 title = {What do boards really do? Evidence from minutes of board meetings},
 journal = {Journal of Financial Economics},
 year = {2013},
 volume = {108},
 number = {13},
 pages = {349–366}
}

@inproceedings{Dias2007,
 author = {Dias, Ga\"{e}l and Alves, Elsa and Lopes, Jos{\'e} Gabriel Pereira},
 title = {Topic Segmentation Algorithms for Text Summarization and Passage Retrieval: An Exhaustive Evaluation},
 booktitle = {Proceedings of the 22Nd National Conference on Artificial Intelligence - Volume 2},
 series = {AAAI'07},
 year = {2007},
 isbn = {978-1-57735-323-2},
 location = {Vancouver, British Columbia, Canada},
 pages = {1334--1339},
 numpages = {6},
 url = {http://dl.acm.org/citation.cfm?id=1619797.1619859},
 acmid = {1619859},
 publisher = {AAAI Press}
}
