Scopus
EXPORT DATE: 9 July 2017

@CONFERENCE{Maziero2016140,
author={Maziero, E.G. and Hirst, G. and Pardo, T.A.S.},
title={Adaptation of discourse parsing models for the Portuguese language},
journal={Proceedings - 2015 Brazilian Conference on Intelligent Systems, BRACIS 2015},
year={2016},
pages={140-145},
doi={10.1109/BRACIS.2015.24},
art_number={7424009},
note={cited By 0},
url={https://www.scopus.com/inward/record.uri?eid=2-s2.0-84964607676&doi=10.1109%2fBRACIS.2015.24&partnerID=40&md5=740eaa18c50274435374ba773a399112},
document_type={Conference Paper},
source={Scopus},
}
