@INPROCEEDINGS{7508049,
author={N. Bhatia and A. Jaiswal},
booktitle={2016 6th International Conference - Cloud System and Big Data Engineering (Confluence)},
title={Automatic text summarization and it's methods - a review},
year={2016},
pages={65-72},
keywords={Internet;computational linguistics;learning (artificial intelligence);natural language processing;pattern classification;statistical analysis;text analysis;Internet content;NLP;automatic text summarization;document summarizations;natural language processing;pragmatic approaches;statistical machine learning communal;summarization classifications;Big data;Decision support systems;Automatic text summarization;Document summarization;Natural Language Processing;Survey;Systematic review},
doi={10.1109/CONFLUENCE.2016.7508049},
month={Jan}}