@INPROCEEDINGS{7022635,
author={M. Sakahara and S. Okada and K. Nitta},
booktitle={2014 IEEE International Conference on Data Mining Workshop},
title={Domain-Independent Unsupervised Text Segmentation for Data Management},
year={2014},
pages={481-487},
keywords={dynamic programming;text analysis;unsupervised learning;affinity propagation clustering;collocation similarity;data management;domain knowledge;domain-independent unsupervised text segmentation method;dynamic programming;segmentation boundary;semantic similarity;similarity propagation clustering;text document segmentation;topic modeling;vector space;Correlation;Cost function;Data mining;Measurement;Semantics;Training;Vectors;domain-independent;text segmentation;unsupervised},
doi={10.1109/ICDMW.2014.118},
ISSN={2375-9232},
month={Dec},}