Scopus
EXPORT DATE: 9 July 2017

@CONFERENCE{Sakahara2015481,
author={Sakahara, M. and Okada, S. and Nitta, K.},
title={Domain-independent unsupervised text segmentation for data management},
journal={IEEE International Conference on Data Mining Workshops, ICDMW},
year={2015},
volume={2015-January},
number={January},
pages={481-487},
doi={10.1109/ICDMW.2014.118},
art_number={7022635},
note={cited By 1},
url={https://www.scopus.com/inward/record.uri?eid=2-s2.0-84936858871&doi=10.1109%2fICDMW.2014.118&partnerID=40&md5=d4b5496d9f14d154c0fc0669673cb4b4},
document_type={Conference Paper},
source={Scopus},
}
