@ARTICLE{7738550,
author={H. Chen and L. Xie and C. C. Leung and X. Lu and B. Ma and H. Li},
journal={IEEE/ACM Transactions on Audio, Speech, and Language Processing},
title={Modeling Latent Topics and Temporal Distance for Story Segmentation of Broadcast News},
year={2017},
volume={25},
number={1},
pages={112-123},
keywords={data reduction;data structures;graph theory;learning (artificial intelligence);matrix algebra;natural language processing;probability;speech recognition;text analysis;GRTM;LapPLSA;Laplacian eigenmaps;Laplacian probabilistic latent semantic analysis;TDT2 English broadcast news corpus;automatic speech recognition transcripts;broadcast news;data proximity;data representation;dimensionality reduction;distance penalty function;graph affinity matrix;graph regularization;latent topic distributions;latent topic estimation;latent topic representation learning;latent topics modelling;lexical similarity;story segmentation;temporal distance;term-frequency vectors;text block temporal distance;Data models;Laplace equations;Manifolds;Probabilistic logic;Semantics;Speech;Speech processing;Graph regularization;Laplacian eigenmaps;Laplacian probabilistic latent semantic analysis;topic modeling;topic segmentation},
doi={10.1109/TASLP.2016.2626965},
ISSN={2329-9290},
month={Jan},}