@inproceedings{Avdeeva2015SubtopicSO,
  title={Subtopic Segmentation of Scientific Texts: Parameter Optimisation},
  author={Natalia Avdeeva and Galina Artemova and Kirill Boyarsky and Natalia F. Gusarova and Natalia V. Dobrenko and Eugeny Kanevsky},
  booktitle={KESW},
  year={2015}
}