@inproceedings{Sitbon:2004:ACL:2816272.2816329,
 author = {Sitbon, Laurianne and Bellot, Patrice},
 title = {Adapting and Comparing Linear Segmentation Methods for French},
 booktitle = {Coupling Approaches, Coupling Media and Coupling Languages for Information Retrieval},
 series = {RIAO '04},
 year = {2004},
 isbn = {905450-09-6},
 location = {Vaucluse, France},
 pages = {623--637},
 numpages = {15},
 url = {http://dl.acm.org/citation.cfm?id=2816272.2816329},
 acmid = {2816329},
 publisher = {LE CENTRE DE HAUTES ETUDES INTERNATIONALES D'INFORMATIQUE DOCUMENTAIRE},
 address = {Paris, France, France},
}