@inproceedings{Schiller:2009:MMM:1639950.1640050,
 author = {Schiller, Jennifer},
 title = {Modern Meeting Management and Information Retrieval: Automatic Protocol Generation and Meeting Work},
 booktitle = {Proceedings of the 24th ACM SIGPLAN Conference Companion on Object Oriented Programming Systems Languages and Applications},
 series = {OOPSLA '09},
 year = {2009},
 isbn = {978-1-60558-768-4},
 location = {Orlando, Florida, USA},
 pages = {875--880},
 numpages = {6},
 url = {http://doi.acm.org/10.1145/1639950.1640050},
 doi = {10.1145/1639950.1640050},
 acmid = {1640050},
 publisher = {ACM},
 address = {New York, NY, USA},
 keywords = {IBIS, communication, information retrieval, meeting, speech recognition, workflow support},
}