@inproceedings{Yi:2008:ETM:1458082.1458317,
 author = {Yi, Xing and Allan, James},
 title = {Evaluating Topic Models for Information Retrieval},
 booktitle = {Proceedings of the 17th ACM Conference on Information and Knowledge Management},
 series = {CIKM '08},
 year = {2008},
 isbn = {978-1-59593-991-3},
 location = {Napa Valley, California, USA},
 pages = {1431--1432},
 numpages = {2},
 url = {http://doi.acm.org/10.1145/1458082.1458317},
 doi = {10.1145/1458082.1458317},
 acmid = {1458317},
 publisher = {ACM},
 address = {New York, NY, USA},
 keywords = {evaluation, retrieval, topic model},
}