
@inproceedings{Hofmann1999,
 author = {Hofmann, Thomas},
 title = {Probabilistic Latent Semantic Indexing},
 booktitle = {Proceedings of the 22Nd Annual International ACM SIGIR Conference on Research and Development in Information Retrieval},
 series = {SIGIR '99},
 year = {1999},
 isbn = {1-58113-096-1},
 location = {Berkeley, California, USA},
 pages = {50--57},
 numpages = {8},
 url = {http://doi.acm.org/10.1145/312624.312649},
 doi = {10.1145/312624.312649},
 acmid = {312649},
 publisher = {ACM},
 address = {New York, NY, USA},
} 



@ARTICLE{Deerwester1990,
    author = {Scott Deerwester and Susan T. Dumais and George W. Furnas and Thomas K. Landauer and Richard Harshman},
    title = {Indexing by latent semantic analysis},
    journal = {Journal of the American Society for Information Science},
    year = {1990},
    volume = {41},
    number = {6},
    pages = {391--407}
}


@article{Lee1999,
author = {Lee, Daniel and Sebastian Seung, H},
year = {1999},
month = {11},
pages = {788-91},
title = {Learning the Parts of Objects by Non-Negative Matrix Factorization},
volume = {401},
booktitle = {Nature}
}


// https://www.bibsonomy.org/
@article{Blei2012,
 author = {Blei, David M.},
 title = {Probabilistic Topic Models},
 journal = {Commun. ACM},
 issue_date = {April 2012},
 volume = {55},
 number = {4},
 month = apr,
 year = {2012},
 issn = {0001-0782},
 pages = {77--84},
 numpages = {8},
 url = {http://doi.acm.org/10.1145/2133806.2133826},
 doi = {10.1145/2133806.2133826},
 acmid = {2133826},
 publisher = {ACM},
 address = {New York, NY, USA},
} 


