Scopus
EXPORT DATE: 16 December 2016

@ARTICLE{Pevzner200219,
author={Pevzner, L. and Hearst, M.A.},
title={A critique and improvement of an evaluation metric for text segmentation},
journal={Computational Linguistics},
year={2002},
volume={28},
number={1},
pages={19-36},
doi={10.1162/089120102317341756},
note={cited By 154},
url={https://www.scopus.com/inward/record.uri?eid=2-s2.0-0037870455&doi=10.1162%2f089120102317341756&partnerID=40&md5=279abc4e76fcfc2c4a1896e76a245034},
document_type={Article},
source={Scopus},
}
