Scopus
EXPORT DATE: 16 December 2016

@CONFERENCE{Banerjee200657,
author={Banerjee, S. and Rudnicky, A.I.},
title={A TextTiling based approach to topic boundary detection in meetings},
journal={Proceedings of the Annual Conference of the International Speech Communication Association, INTERSPEECH},
year={2006},
volume={1},
pages={57-60},
note={cited By 3},
url={https://www.scopus.com/inward/record.uri?eid=2-s2.0-44949112191&partnerID=40&md5=c795de090b91bcfd87663a2f836d86ff},
document_type={Conference Paper},
source={Scopus},
}
