@inproceedings{Choi:2000:ADI:974305.974309,
 author = {Choi, Freddy Y. Y.},
 title = {Advances in Domain Independent Linear Text Segmentation},
 booktitle = {Proceedings of the 1st North American Chapter of the Association for Computational Linguistics Conference},
 series = {NAACL 2000},
 year = {2000},
 location = {Seattle, Washington},
 pages = {26--33},
 numpages = {8},
 url = {http://dl.acm.org/citation.cfm?id=974305.974309},
 acmid = {974309},
 publisher = {Association for Computational Linguistics},
 address = {Stroudsburg, PA, USA},
}