Scopus
EXPORT DATE: 16 December 2016

@CONFERENCE{Kern2009167,
author={Kern, R. and Granitzer, M.},
title={Efficient linear text segmentation based on information retrieval techniques},
journal={Proceedings of the International Conference on Management of Emergent Digital EcoSystems, MEDES '09},
year={2009},
pages={167-171},
doi={10.1145/1643823.1643854},
note={cited By 10},
url={https://www.scopus.com/inward/record.uri?eid=2-s2.0-74549147972&doi=10.1145%2f1643823.1643854&partnerID=40&md5=1c6f73bc0e07446fcc178440e48bbc40},
document_type={Conference Paper},
source={Scopus},
}
