@INPROCEEDINGS{Choi01latentsemantic,
    author = {Freddy Y. Y. Choi and Peter Wiemer-Hastings and Johanna Moore},
    title = {Latent Semantic Analysis for Text Segmentation},
    booktitle = {In Proceedings of EMNLP},
    year = {2001},
    pages = {109--117}
}