@inproceedings{Reynar:1999:SMT:1034678.1034735,
 author = {Reynar, Jeffrey C.},
 title = {Statistical Models for Topic Segmentation},
 booktitle = {Proceedings of the 37th Annual Meeting of the Association for Computational Linguistics on Computational Linguistics},
 series = {ACL '99},
 year = {1999},
 isbn = {1-55860-609-3},
 location = {College Park, Maryland},
 pages = {357--364},
 numpages = {8},
 url = {http://dx.doi.org/10.3115/1034678.1034735},
 doi = {10.3115/1034678.1034735},
 acmid = {1034735},
 publisher = {Association for Computational Linguistics},
 address = {Stroudsburg, PA, USA},
}