Scopus
EXPORT DATE: 27 March 2017

@ARTICLE{John2017175,
author={John, A.K. and Di Caro, L. and Boella, G.},
title={Text segmentation with topic modeling and entity coherence},
journal={Advances in Intelligent Systems and Computing},
year={2017},
volume={552},
pages={175-185},
doi={10.1007/978-3-319-52941-7_18},
note={cited By 0},
url={https://www.scopus.com/inward/record.uri?eid=2-s2.0-85014150063&doi=10.1007%2f978-3-319-52941-7_18&partnerID=40&md5=6a738df2dce48c8c433d52a6f76404fb},
document_type={Conference Paper},
source={Scopus},
}
