@article{Hearst:1997:TST:972684.972687,
 author = {Hearst, Marti A.},
 title = {TextTiling: Segmenting Text into Multi-paragraph Subtopic Passages},
 journal = {Comput. Linguist.},
 issue_date = {March 1997},
 volume = {23},
 number = {1},
 month = mar,
 year = {1997},
 issn = {0891-2017},
 pages = {33--64},
 numpages = {32},
 url = {http://dl.acm.org/citation.cfm?id=972684.972687},
 acmid = {972687},
 publisher = {MIT Press},
 address = {Cambridge, MA, USA},
}