@inproceedings{Wei:2006:LDM:1148170.1148204,
 author = {Wei, Xing and Croft, W. Bruce},
 title = {LDA-based Document Models for Ad-hoc Retrieval},
 booktitle = {Proceedings of the 29th Annual International ACM SIGIR Conference on Research and Development in Information Retrieval},
 series = {SIGIR '06},
 year = {2006},
 isbn = {1-59593-369-7},
 location = {Seattle, Washington, USA},
 pages = {178--185},
 numpages = {8},
 url = {http://doi.acm.org/10.1145/1148170.1148204},
 doi = {10.1145/1148170.1148204},
 acmid = {1148204},
 publisher = {ACM},
 address = {New York, NY, USA},
 keywords = {document model, information retrieval, language model, latent dirichlet allocation (LDA), topic model},
}