@inproceedings{Zhai:2017:PTM:3077136.3082067,
 author = {Zhai, ChengXiang},
 title = {Probabilistic Topic Models for Text Data Retrieval and Analysis},
 booktitle = {Proceedings of the 40th International ACM SIGIR Conference on Research and Development in Information Retrieval},
 series = {SIGIR '17},
 year = {2017},
 isbn = {978-1-4503-5022-8},
 location = {Shinjuku, Tokyo, Japan},
 pages = {1399--1401},
 numpages = {3},
 url = {http://doi.acm.org/10.1145/3077136.3082067},
 doi = {10.1145/3077136.3082067},
 acmid = {3082067},
 publisher = {ACM},
 address = {New York, NY, USA},
 keywords = {lda, plsa, probabilistic models, statistical language models, text mining},
}