
@article{Cao:2017,
 author = {Cao, Longbing},
 title = {Data Science: A Comprehensive Overview},
 journal = {ACM Comput. Surv.},
 issue_date = {October 2017},
 volume = {50},
 number = {3},
 month = jun,
 year = {2017},
 issn = {0360-0300},
 pages = {43:1--43:42},
 articleno = {43},
 numpages = {42},
 url = {http://doi.acm.org/10.1145/3076253},
 doi = {10.1145/3076253},
 acmid = {3076253},
 publisher = {ACM},
 address = {New York, NY, USA},
 keywords = {Big data, advanced analytics, big data analytics, computing, data DNA, data analysis, data analytics, data economy, data education, data engineering, data industry, data innovation, data profession, data science, data scientist, data service, informatics, statistics},
}


@book{Aggarwal2012,
 author = {Aggarwal, Charu C. and Zhai, Cheng Xiang},
 title = {Mining Text Data},
 year = {2012},
 isbn = {1461432227, 9781461432227},
 publisher = {Springer Publishing Company, Incorporated},
} 



@inproceedings{Purver2006,
 author = {Purver, Matthew and Griffiths, Thomas L. and K\"{o}rding, Konrad P. and Tenenbaum, Joshua B.},
 title = {Unsupervised Topic Modelling for Multi-party Spoken Discourse},
 booktitle = {Proceedings of the 21st International Conference on Computational Linguistics and the 44th Annual Meeting of the Association for Computational Linguistics},
 series = {ACL-44},
 year = {2006},
 location = {Sydney, Australia},
 pages = {17--24},
 numpages = {8},
 url = {https://doi.org/10.3115/1220175.1220178},
 doi = {10.3115/1220175.1220178},
 acmid = {1220178},
 publisher = {Association for Computational Linguistics},
 address = {Stroudsburg, PA, USA},
} 


@ARTICLE{Miriam2013,
 author = {Miriam Schwartz-Ziv and Michael S. Weisbach},
 title = {What do boards really do? Evidence from minutes of board meetings},
 journal = {Journal of Financial Economics},
 year = {2013},
 volume = {108},
 number = {13},
 pages = {349-366}
}




@InProceedings{Lee2011,
 author = {Jae-Kul Lee and Hyun-Je Song and Seong-Bae Park and Nick Bassiliades},
 title = {Two-Step Sentence Extraction for Summarization of Meeting Minutes},
 journal = {Eighth International Conference on Information Technology: New Generations},
 year = {2011},
 volume = {39},
 pages = {614--619}
}


@article{Gutierrez2016,
 author = {Gutierrez, Fernando and Dou, Dejing and Fickas, Stephen and Wimalasuriya, Daya and Zong, Hui},
 title = {A Hybrid Ontology-based Information Extraction System},
 journal = {J. Inf. Sci.},
 issue_date = {12 2016},
 volume = {42},
 number = {6},
 month = dec,
 year = {2016},
 issn = {0165-5515},
 pages = {798--820},
 numpages = {23},
 url = {https://doi.org/10.1177/0165551515610989},
 doi = {10.1177/0165551515610989},
 acmid = {3040916},
 publisher = {Sage Publications, Inc.},
 address = {Thousand Oaks, CA, USA},
 keywords = {Ensemble learning, error detection, information extraction, machine learning, ontology},
} 


@INPROCEEDINGS{Janin2003,
    author = {Adam Janin and Don Baron and Jane Edwards and Dan Ellis and David Gelbart and Nelson Morgan and Barbara Peskin and Thilo Pfau and Elizabeth Shriberg and Andreas Stolcke and Chuck Wooters},
    title = {The ICSI Meeting Corpus},
    booktitle = {Proceedings of the IEEE International Conference on Acoustics, Speech, and Signal Processing},
    year = {2003},
    pages = {364--367}
}


@article{Fleiss1979,
author = {E. Shrout, Patrick and L. Fleiss, Joseph},
year = {1979},
month = {04},
pages = {420-8},
title = {Intraclass correlations: Uses in assessing rater reliability},
volume = {86},
booktitle = {Psychological bulletin}
}


// https://cocosci.berkeley.edu/publications.php?author=Steyvers,%20M.
@incollection{Steyvers2007,
  author = {Steyvers, M. and Griffiths, T.},
  booktitle = {Latent Semantic Analysis: A Road to Meaning},
  chapter = {Probabilistic topic models},
  editor = {Landauer, T. and McNamara, S. Dennis and Kintsch, W.},
  interhash = {2b552a7be938c076924fa1ac34c75868},
  intrahash = {805cb2fda14f60127020bba7b7137f57},
  publisher = {Laurence Erlbaum},
  title = {Probabilistic Topic Models},
  url = {http://psiexp.ss.uci.edu/research/papers/SteyversGriffithsLSABookFormatted.pdf},
  year = 2007
}




@inproceedings{Cheng2013,
  added-at = {2014-02-12T00:00:00.000+0100},
  author = {Cheng, Xueqi and Guo, Jiafeng and Liu, Shenghua and Wang, Yanfeng and Yan, Xiaohui},
  biburl = {https://www.bibsonomy.org/bibtex/2bf961ab668f7ee5b6ca57f051ca0cc1a/dblp},
  booktitle = {SDM},
  crossref = {conf/sdm/2013},
  ee = {http://dx.doi.org/10.1137/1.9781611972832.83},
  interhash = {7c01f6470a9a3054211e6dde9fd2eeec},
  intrahash = {bf961ab668f7ee5b6ca57f051ca0cc1a},
  isbn = {978-1-61197-283-2},
  keywords = {dblp},
  pages = {749-757},
  publisher = {SIAM},
  timestamp = {2015-06-19T08:52:56.000+0200},
  title = {Learning Topics in Short Texts by Non-negative Matrix Factorization on Term Correlation Matrix.},
  url = {http://dblp.uni-trier.de/db/conf/sdm/sdm2013.html#ChengGLWY13},
  year = 2013
}


@article{Gruenstein2018,
author = {Gruenstein, Alexander and Niekrasz, John and Purver, Matthew},
year = {2018},
month = {01},
pages = {},
title = {Meeting structure annotation: Data and tools}
}

@MISC{Gruenstein2007,
    author = {Alexander Gruenstein and John Niekrasz and Matthew Purver},
    title = {MEETING STRUCTURE ANNOTATION -- Annotations Collected with a General Purpose Toolkit},
	journal = {L. Dybkjaer and W. Minker (eds) Recent Trends in Discourse and
Dialogue},
	publisher = {Springer, Dordrecht},
	volume = {32},
    year = {2007}
}

@article{Carletta1996,
 author = {Carletta, Jean},
 title = {Assessing Agreement on Classification Tasks: The Kappa Statistic},
 journal = {Comput. Linguist.},
 issue_date = {June 1996},
 volume = {22},
 number = {2},
 month = jun,
 year = {1996},
 issn = {0891-2017},
 pages = {249--254},
 numpages = {6},
 url = {http://dl.acm.org/citation.cfm?id=230386.230390},
 acmid = {230390},
 publisher = {MIT Press},
 address = {Cambridge, MA, USA},
} 

@article{Passonneau1997,
 author = {Passonneau, Rebecca J. and Litman, Diane J.},
 title = {Discourse Segmentation by Human and Automated Means},
 journal = {Comput. Linguist.},
 issue_date = {March 1997},
 volume = {23},
 number = {1},
 month = mar,
 year = {1997},
 issn = {0891-2017},
 pages = {103--139},
 numpages = {37},
 url = {http://dl.acm.org/citation.cfm?id=972684.972689},
 acmid = {972689},
 publisher = {MIT Press},
 address = {Cambridge, MA, USA},
} 

@inproceedings{Kazantseva2012,
 author = {Kazantseva, Anna and Szpakowicz, Stan},
 title = {Topical Segmentation: A Study of Human Performance and a New Measure of Quality},
 booktitle = {Proceedings of the 2012 Conference of the North American Chapter of the Association for Computational Linguistics: Human Language Technologies},
 series = {NAACL HLT '12},
 year = {2012},
 isbn = {978-1-937284-20-6},
 location = {Montreal, Canada},
 pages = {211--220},
 numpages = {10},
 url = {http://dl.acm.org/citation.cfm?id=2382029.2382058},
 acmid = {2382058},
 publisher = {Association for Computational Linguistics},
 address = {Stroudsburg, PA, USA},
} 



@article{Hovy2010,
author = {Hovy, Eduard and Lavid, Julia},
year = {2010},
month = {01},
pages = {13-36},
title = {Towards a 'science' of corpus annotation: A new methodological challenge for corpus linguistics},
volume = {22},
booktitle = {International Journal of Translation Studies}
}

@article{Hearst1997,
 author = {Hearst, Marti A.},
 title = {TextTiling: Segmenting Text into Multi-paragraph Subtopic Passages},
 journal = {Comput. Linguist.},
 issue_date = {March 1997},
 volume = {23},
 number = {1},
 month = mar,
 year = {1997},
 issn = {0891-2017},
 pages = {33--64},
 numpages = {32},
 url = {http://dl.acm.org/citation.cfm?id=972684.972687},
 acmid = {972687},
 publisher = {MIT Press},
 address = {Cambridge, MA, USA}
}

@inproceedings{Hearst1994,
 author = {Hearst, Marti A.},
 title = {Multi-paragraph Segmentation of Expository Text},
 booktitle = {Proceedings of the 32Nd Annual Meeting on Association for Computational Linguistics},
 series = {ACL '94},
 year = {1994},
 location = {Las Cruces, New Mexico},
 pages = {9--16},
 numpages = {8},
 url = {http://dx.doi.org/10.3115/981732.981734},
 doi = {10.3115/981732.981734},
 acmid = {981734},
 publisher = {Association for Computational Linguistics},
 address = {Stroudsburg, PA, USA}
} 


@INPROCEEDINGS{Sakahara2014,
author={M. Sakahara and S. Okada and K. Nitta},
booktitle={2014 IEEE International Conference on Data Mining Workshop},
title={Domain-Independent Unsupervised Text Segmentation for Data Management},
year={2014},
pages={481-487},
keywords={dynamic programming;text analysis;unsupervised learning;affinity propagation clustering;collocation similarity;data management;domain knowledge;domain-independent unsupervised text segmentation method;dynamic programming;segmentation boundary;semantic similarity;similarity propagation clustering;text document segmentation;topic modeling;vector space;Correlation;Cost function;Data mining;Measurement;Semantics;Training;Vectors;domain-independent;text segmentation;unsupervised},
doi={10.1109/ICDMW.2014.118},
ISSN={2375-9232},
month={Dec}
}




@inproceedings{Alvares2005,
 author = {Alvares, Reinaldo Viana and Garcia, Ana Cristina Bicharra and Ferraz, Inha\'{u}ma},
 title = {STEMBR: A Stemming Algorithm for the Brazilian Portuguese Language},
 booktitle = {Proceedings of the 12th Portuguese Conference on Progress in Artificial Intelligence},
 series = {EPIA'05},
 year = {2005},
 isbn = {3-540-30737-0, 978-3-540-30737-2},
 location = {Covilh\&\#227;, Portugal},
 pages = {693--701},
 numpages = {9},
 url = {http://dx.doi.org/10.1007/11595014_67},
 doi = {10.1007/11595014_67},
 acmid = {2105175},
 publisher = {Springer-Verlag},
 address = {Berlin, Heidelberg},
} 

@Article{Beeferman1999,
author="Beeferman, Doug
and Berger, Adam
and Lafferty, John",
title="Statistical Models for Text Segmentation",
journal="Machine Learning",
year="1999",
volume="34",
number="1",
pages="177--210",
issn="1573-0565",
doi="10.1023/A:1007506220214",
url="http://dx.doi.org/10.1023/A:1007506220214"
}

@book{Rijsbergen1979,
 author = {Rijsbergen, C. J. Van},
 title = {Information Retrieval},
 year = {1979},
 isbn = {0408709294},
 edition = {2nd},
 publisher = {Butterworth-Heinemann},
 address = {Newton, MA, USA},
} 


@inproceedings{Salton:1994,
 author = {Salton, Gerard and Allan, James},
 title = {Automatic Text Decomposition and Structuring},
 booktitle = {Intelligent Multimedia Information Retrieval Systems and Management - Volume 1},
 series = {RIAO '94},
 year = {1994},
 location = {New York, New York},
 pages = {6--20},
 numpages = {15},
 url = {http://dl.acm.org/citation.cfm?id=2856823.2856826},
 acmid = {2856826},
 publisher = {LE CENTRE DE HAUTES ETUDES INTERNATIONALES D'INFORMATIQUE DOCUMENTAIRE},
 address = {Paris, France, France},
} 

@article{Shamsinejadbabki2012,
 author = {Shamsinejadbabki, Pirooz and Saraee, Mohammad},
 title = {A New Unsupervised Feature Selection Method for Text Clustering Based on Genetic Algorithms},
 journal = {J. Intell. Inf. Syst.},
 issue_date = {June      2012},
 volume = {38},
 number = {3},
 month = jun,
 year = {2012},
 issn = {0925-9902},
 pages = {669--684},
 numpages = {16},
 url = {http://dx.doi.org/10.1007/s10844-011-0172-5},
 doi = {10.1007/s10844-011-0172-5},
 acmid = {2317636},
 publisher = {Kluwer Academic Publishers},
 address = {Hingham, MA, USA},
 keywords = {Genetic algorithm, Text clustering, Unsupervised feature selection},
} 

@article{Salton1988,
 author = {Salton, Gerard and Buckley, Christopher},
 title = {Term-weighting Approaches in Automatic Text Retrieval},
 journal = {Inf. Process. Manage.},
 issue_date = {1988},
 volume = {24},
 number = {5},
 month = aug,
 year = {1988},
 issn = {0306-4573},
 pages = {513--523},
 numpages = {11},
 url = {http://dx.doi.org/10.1016/0306-4573(88)90021-0},
 doi = {10.1016/0306-4573(88)90021-0},
 acmid = {54260},
 publisher = {Pergamon Press, Inc.},
 address = {Tarrytown, NY, USA},
} 

@book{Croft2009,
 author = {Croft, Bruce and Metzler, Donald and Strohman, Trevor},
 title = {Search Engines: Information Retrieval in Practice},
 year = {2009},
 isbn = {0136072240, 9780136072249},
 edition = {1st},
 publisher = {Addison-Wesley Publishing Company},
 address = {USA},
}


@book{Manning2008,
 author = {Manning, Christopher D. and Raghavan, Prabhakar and Sch\"{u}tze, Hinrich},
 title = {Introduction to Information Retrieval},
 year = {2008},
 isbn = {0521865719, 9780521865715},
 publisher = {Cambridge University Press},
 address = {New York, NY, USA},
} 



@book{Feldman2006,
 author = {Feldman, Ronen and Sanger, James},
 title = {Text Mining Handbook: Advanced Approaches in Analyzing Unstructured Data},
 year = {2006},
 isbn = {0521836573, 9780521836579},
 publisher = {Cambridge University Press},
 address = {New York, NY, USA},
} 

@book{Tan2005,
 author = {Tan, Pang-Ning and Steinbach, Michael and Kumar, Vipin},
 title = {Introduction to Data Mining, (First Edition)},
 year = {2005},
 isbn = {0321321367},
 publisher = {Addison-Wesley Longman Publishing Co., Inc.},
 address = {Boston, MA, USA},
}

@Book{Rezende2003,
author = {Solange Oliveira Rezende},
title = {Sistemas Inteligentes},
publisher = {Manole},
year = {2003},
chapter = {13},
pages = "337 - 270",
address= "Barueri, SP"
}





@ARTICLE{Pevzner2002,
author={Pevzner, L. and Hearst, M.A.},
title={A critique and improvement of an evaluation metric for text segmentation},
journal={Computational Linguistics},
year={2002},
volume={28},
number={1},
pages={19-36},
doi={10.1162/089120102317341756},
url={https://www.scopus.com/inward/record.uri?eid=2-s2.0-0037870455&doi=10.1162%2f089120102317341756&partnerID=40&md5=279abc4e76fcfc2c4a1896e76a245034},
document_type={Article},
source={Scopus},
}



@inproceedings{Utiyama2001,
 author = {Utiyama, Masao and Isahara, Hitoshi},
 title = {A Statistical Model for Domain-independent Text Segmentation},
 booktitle = {Proceedings of the 39th Annual Meeting on Association for Computational Linguistics},
 series = {ACL '01},
 year = {2001},
 location = {Toulouse, France},
 pages = {499--506},
 numpages = {8},
 url = {https://doi.org/10.3115/1073012.1073076},
 doi = {10.3115/1073012.1073076},
 acmid = {1073076},
 publisher = {Association for Computational Linguistics},
 address = {Stroudsburg, PA, USA},
}

@ARTICLE{Shi2000,
author={Jianbo Shi and J. Malik},
journal={IEEE Transactions on Pattern Analysis and Machine Intelligence},
title={Normalized cuts and image segmentation},
year={2000},
volume={22},
number={8},
pages={888-905},
keywords={computer vision;eigenvalues and eigenfunctions;graph theory;image segmentation;image sequences;computer vision;dissimilarity;eigenvalues;graph partitioning;image segmentation;image sequences;normalized cut;perceptual grouping;similarity;Bayesian methods;Brightness;Clustering algorithms;Coherence;Data mining;Eigenvalues and eigenfunctions;Filling;Image segmentation;Partitioning algorithms;Tree data structures},
doi={10.1109/34.868688},
ISSN={0162-8828},
month={Aug},}


@inproceedings{Malioutov:2006a,
 author = {Malioutov, Igor and Barzilay, Regina},
 title = {Minimum Cut Model for Spoken Lecture Segmentation},
 booktitle = {Proceedings of the 21st International Conference on Computational Linguistics and the 44th Annual Meeting of the Association for Computational Linguistics},
 series = {ACL-44},
 year = {2006},
 location = {Sydney, Australia},
 pages = {25--32},
 numpages = {8},
 url = {https://doi.org/10.3115/1220175.1220179},
 doi = {10.3115/1220175.1220179},
 acmid = {1220179},
 publisher = {Association for Computational Linguistics},
 address = {Stroudsburg, PA, USA},
} 




@article{Blei2003,
 author = {Blei, David M. and Ng, Andrew Y. and Jordan, Michael I.},
 title = {Latent Dirichlet Allocation},
 journal = {J. Mach. Learn. Res.},
 issue_date = {3/1/2003},
 volume = {3},
 month = mar,
 year = {2003},
 issn = {1532-4435},
 pages = {993--1022},
 numpages = {30},
 url = {http://dl.acm.org/citation.cfm?id=944919.944937},
 acmid = {944937},
 publisher = {JMLR.org},
} 



@inproceedings{Ferret2009,
author={Ferret,O.},
editor={ },
year={2009},
title={Improving text segmentation by combining endogenous and exogenous methods},
booktitle={International Conference Recent Advances in Natural Language Processing, RANLP},
pages={88-93}
}



@article{Naili2016,
author = {Marwa Naili and Anja Habacha Chaibi and Henda Hajjami Ben Ghezala},
title = {Exogenous approach to improve topic segmentation},
journal = {International Journal of Intelligent Computing and Cybernetics},
volume = {9},
number = {2},
pages = {165-178},
year = {2016},
doi = {10.1108/IJICC-01-2016-0001},
URL = {https://doi.org/10.1108/IJICC-01-2016-0001},
eprint = {https://doi.org/10.1108/IJICC-01-2016-0001}
}


@article{Bokaei2016,
title={Extractive summarization of multiparty meetings through discourse segmentation}, 
volume={22}, 
DOI={10.1017/S1351324914000199},
number={1}, 
journal={Natural Language Engineering}, 
publisher={Cambridge University Press}, 
author={BOKAEI, MOHAMMAD HADI and SAMETI, HOSSEIN and LIU, YANG}, 
year={2016}, 
pages={41-72}
}

@article{Bokaei2015,
 author = {Bokaei, Mohammad Hadi and Sameti, Hossein and Liu, Yang},
 title = {Linear Discourse Segmentation of Multi-party Meetings Based on Local and Global Information},
 journal = {IEEE/ACM Trans. Audio, Speech and Lang. Proc.},
 issue_date = {November 2015},
 volume = {23},
 number = {11},
 month = nov,
 year = {2015},
 issn = {2329-9290},
 pages = {1879--1891},
 numpages = {13},
 url = {http://dx.doi.org/10.1109/TASLP.2015.2456430},
 doi = {10.1109/TASLP.2015.2456430},
 acmid = {2824173},
 publisher = {IEEE Press},
 address = {Piscataway, NJ, USA},
 keywords = {dynamic programming approach, linear discourse segmentation, meeting function segmentation, unsupervised algorithm}
}




@article{CHAIBI2014,
title = "Topic Segmentation for Textual Document Written in Arabic Language",
journal = "Procedia Computer Science",
volume = "35",
number = "",
pages = "437 - 446",
year = "2014",
note = "",
issn = "1877-0509",
doi = "http://dx.doi.org/10.1016/j.procs.2014.08.124",
url = "http://www.sciencedirect.com/science/article/pii/S1877050914010898",
author = "Anja Habacha Chaibi and Marwa Naili and Samia Sammoud",
keywords = "Topic segmentation",
keywords = "Arabic language processing",
keywords = "ArabC99",
keywords = "ArabTextTiling."
}


@ARTICLE{Kern2009,
author={Kern, R. and Granitzer, M.},
title={Efficient linear text segmentation based on information retrieval techniques},
journal={Proceedings of the International Conference on Management of Emergent Digital EcoSystems, MEDES '09},
year={2009},
pages={167-171},
doi={10.1145/1643823.1643854},
url={https://www.scopus.com/inward/record.uri?eid=2-s2.0-74549147972&doi=10.1145%2f1643823.1643854&partnerID=40&md5=1c6f73bc0e07446fcc178440e48bbc40},
document_type={Conference Paper},
source={Scopus},
}



@inproceedings{Galley2003,
 author = {Galley, Michel and McKeown, Kathleen and Fosler-Lussier, Eric and Jing, Hongyan},
 title = {Discourse Segmentation of Multi-party Conversation},
 booktitle = {Proceedings of the 41st Annual Meeting on Association for Computational Linguistics - Volume 1},
 series = {ACL '03},
 year = {2003},
 location = {Sapporo, Japan},
 pages = {562--569},
 numpages = {8},
 url = {http://dx.doi.org/10.3115/1075096.1075167},
 doi = {10.3115/1075096.1075167},
 acmid = {1075167},
 publisher = {Association for Computational Linguistics},
 address = {Stroudsburg, PA, USA}
} 


@ARTICLE{Cardoso2017,
author={Cardoso, P.C.F. and Pardo, T.A.S. and Taboada, M.},
title={Subtopic annotation and automatic segmentation for news texts in Brazilian Portuguese},
journal={Corpora},
year={2017},
volume={12},
number={1},
pages={23-54},
doi={10.3366/cor.2017.0108},
publisher={Edinburgh University Press},
document_type={Article},
source={Scopus}
}


@inproceedings{Dias2007,
 author = {Dias, Ga\"{e}l and Alves, Elsa and Lopes, Jos{\'e} Gabriel Pereira},
 title = {Topic Segmentation Algorithms for Text Summarization and Passage Retrieval: An Exhaustive Evaluation},
 booktitle = {Proceedings of the 22Nd National Conference on Artificial Intelligence - Volume 2},
 series = {AAAI'07},
 year = {2007},
 isbn = {978-1-57735-323-2},
 location = {Vancouver, British Columbia, Canada},
 pages = {1334--1339},
 numpages = {6},
 url = {http://dl.acm.org/citation.cfm?id=1619797.1619859},
 acmid = {1619859},
 publisher = {AAAI Press}
}


@INPROCEEDINGS{Choi2001-LSA,
    author = {Freddy Y. Y. Choi and Peter Wiemer-Hastings and Johanna Moore},
    title = {Latent Semantic Analysis for Text Segmentation},
    booktitle = {In Proceedings of EMNLP},
    year = {2001},
    pages = {109--117}
}

@inproceedings{Choi2000,
 author = {Choi, Freddy Y. Y.},
 title = {Advances in Domain Independent Linear Text Segmentation},
 booktitle = {Proceedings of the 1st North American Chapter of the Association for Computational Linguistics Conference},
 series = {NAACL 2000},
 year = {2000},
 location = {Seattle, Washington},
 pages = {26--33},
 numpages = {8},
 url = {http://dl.acm.org/citation.cfm?id=974305.974309},
 acmid = {974309},
 publisher = {Association for Computational Linguistics},
 address = {Stroudsburg, PA, USA}
} 



@inproceedings{Misra2009,
 author = {Misra, Hemant and Yvon, Fran\c{c}ois and Jose, Joemon M. and Cappe, Olivier},
 title = {Text Segmentation via Topic Modeling: An Analytical Study},
 booktitle = {Proceedings of the 18th ACM Conference on Information and Knowledge Management},
 series = {CIKM '09},
 year = {2009},
 isbn = {978-1-60558-512-3},
 location = {Hong Kong, China},
 pages = {1553--1556},
 numpages = {4},
 url = {http://doi.acm.org/10.1145/1645953.1646170},
 doi = {10.1145/1645953.1646170},
 acmid = {1646170},
 publisher = {ACM},
 address = {New York, NY, USA},
 keywords = {dynamic programming, latent dirichlet allocation, text segmentation, unsupervised topic modeling}
} 


@inproceedings{Eisenstein2008,
 author = {Eisenstein, Jacob and Barzilay, Regina},
 title = {Bayesian Unsupervised Topic Segmentation},
 booktitle = {Proceedings of the Conference on Empirical Methods in Natural Language Processing},
 series = {EMNLP '08},
 year = {2008},
 location = {Honolulu, Hawaii},
 pages = {334--343},
 numpages = {10},
 url = {http://dl.acm.org/citation.cfm?id=1613715.1613760},
 acmid = {1613760},
 publisher = {Association for Computational Linguistics},
 address = {Stroudsburg, PA, USA},
}


@phdthesis{Reynar1998,
 author = {Reynar, Jeffrey C.},
 advisor = {Marcus, Mitchell P.},
 title = {Topic Segmentation: Algorithms and Applications},
 year = {1998},
 isbn = {0-591-82806-5},
 note = {AAI9829978},
 publisher = {University of Pennsylvania},
 address = {Philadelphia, PA, USA}
} 

@inproceedings{Reynar1999,
 author = {Reynar, Jeffrey C.},
 title = {Statistical Models for Topic Segmentation},
 booktitle = {Proceedings of the 37th Annual Meeting of the Association for Computational Linguistics on Computational Linguistics},
 series = {ACL '99},
 year = {1999},
 isbn = {1-55860-609-3},
 location = {College Park, Maryland},
 pages = {357--364},
 numpages = {8},
 url = {http://dx.doi.org/10.3115/1034678.1034735},
 doi = {10.3115/1034678.1034735},
 acmid = {1034735},
 publisher = {Association for Computational Linguistics},
 address = {Stroudsburg, PA, USA}
} 




@inproceedings{Kozima1993,
 author = {Kozima, Hideki},
 title = {Text Segmentation Based on Similarity Between Words},
 booktitle = {Proceedings of the 31st Annual Meeting on Association for Computational Linguistics},
 series = {ACL '93},
 year = {1993},
 location = {Columbus, Ohio},
 pages = {286--288},
 numpages = {3},
 url = {http://dx.doi.org/10.3115/981574.981616},
 doi = {10.3115/981574.981616},
 acmid = {981616},
 publisher = {Association for Computational Linguistics},
 address = {Stroudsburg, PA, USA}
} 


@inproceedings{Hofmann1999,
 author = {Hofmann, Thomas},
 title = {Probabilistic Latent Semantic Indexing},
 booktitle = {Proceedings of the 22Nd Annual International ACM SIGIR Conference on Research and Development in Information Retrieval},
 series = {SIGIR '99},
 year = {1999},
 isbn = {1-58113-096-1},
 location = {Berkeley, California, USA},
 pages = {50--57},
 numpages = {8},
 url = {http://doi.acm.org/10.1145/312624.312649},
 doi = {10.1145/312624.312649},
 acmid = {312649},
 publisher = {ACM},
 address = {New York, NY, USA},
} 



@ARTICLE{Deerwester1990,
    author = {Scott Deerwester and Susan T. Dumais and George W. Furnas and Thomas K. Landauer and Richard Harshman},
    title = {Indexing by latent semantic analysis},
    journal = {Journal of the American Society for Information Science},
    year = {1990},
    volume = {41},
    number = {6},
    pages = {391--407}
}


@article{Lee1999,
author = {Lee, Daniel and Sebastian Seung, H},
year = {1999},
month = {11},
pages = {788-91},
title = {Learning the Parts of Objects by Non-Negative Matrix Factorization},
volume = {401},
booktitle = {Nature}
}


// https://www.bibsonomy.org/
@article{Blei2012,
 author = {Blei, David M.},
 title = {Probabilistic Topic Models},
 journal = {Commun. ACM},
 issue_date = {April 2012},
 volume = {55},
 number = {4},
 month = apr,
 year = {2012},
 issn = {0001-0782},
 pages = {77--84},
 numpages = {8},
 url = {http://doi.acm.org/10.1145/2133806.2133826},
 doi = {10.1145/2133806.2133826},
 acmid = {2133826},
 publisher = {ACM},
 address = {New York, NY, USA},
} 


