@inproceedings{Priebe2010FilteringRT,
  title={Filtering Relevant Text Passages Based on Lexical Cohesion},
  author={Matthias Priebe and Clemens H. Cap},
  booktitle={GI Jahrestagung},
  year={2010}
}