@inproceedings{Riedl:2012:TSA:2382029.2382114,
 author = {Riedl, Martin and Biemann, Chris},
 title = {How Text Segmentation Algorithms Gain from Topic Models},
 booktitle = {Proceedings of the 2012 Conference of the North American Chapter of the Association for Computational Linguistics: Human Language Technologies},
 series = {NAACL HLT '12},
 year = {2012},
 isbn = {978-1-937284-20-6},
 location = {Montreal, Canada},
 pages = {553--557},
 numpages = {5},
 url = {http://dl.acm.org/citation.cfm?id=2382029.2382114},
 acmid = {2382114},
 publisher = {Association for Computational Linguistics},
 address = {Stroudsburg, PA, USA},
}