Scopus
EXPORT DATE: 8 April 2017

@ARTICLE{Zheng20144018,
author={Zheng, Y.C.},
title={Text segmentation based on PLSA-TextTiling model},
journal={Applied Mechanics and Materials},
year={2014},
volume={556-562},
pages={4018-4022},
doi={10.4028/www.scientific.net/AMM.556-562.4018},
note={cited By 0},
url={https://www.scopus.com/inward/record.uri?eid=2-s2.0-84902096508&doi=10.4028%2fwww.scientific.net%2fAMM.556-562.4018&partnerID=40&md5=e4a69cb7a14ddbd314c1cf2cd5d525fc},
document_type={Conference Paper},
source={Scopus},
}
