@inproceedings{Dias:2007:TSA:1619797.1619859,
 author = {Dias, Ga\"{e}l and Alves, Elsa and Lopes, Jos{\'e} Gabriel Pereira},
 title = {Topic Segmentation Algorithms for Text Summarization and Passage Retrieval: An Exhaustive Evaluation},
 booktitle = {Proceedings of the 22Nd National Conference on Artificial Intelligence - Volume 2},
 series = {AAAI'07},
 year = {2007},
 isbn = {978-1-57735-323-2},
 location = {Vancouver, British Columbia, Canada},
 pages = {1334--1339},
 numpages = {6},
 url = {http://dl.acm.org/citation.cfm?id=1619797.1619859},
 acmid = {1619859},
 publisher = {AAAI Press},
}