@inproceedings{Hofmann:1999:PLS:312624.312649,
 author = {Hofmann, Thomas},
 title = {Probabilistic Latent Semantic Indexing},
 booktitle = {Proceedings of the 22Nd Annual International ACM SIGIR Conference on Research and Development in Information Retrieval},
 series = {SIGIR '99},
 year = {1999},
 isbn = {1-58113-096-1},
 location = {Berkeley, California, USA},
 pages = {50--57},
 numpages = {8},
 url = {http://doi.acm.org/10.1145/312624.312649},
 doi = {10.1145/312624.312649},
 acmid = {312649},
 publisher = {ACM},
 address = {New York, NY, USA},
}