@inproceedings{Hofmann:1999:PLS:2073796.2073829,
 author = {Hofmann, Thomas},
 title = {Probabilistic Latent Semantic Analysis},
 booktitle = {Proceedings of the Fifteenth Conference on Uncertainty in Artificial Intelligence},
 series = {UAI'99},
 year = {1999},
 isbn = {1-55860-614-9},
 location = {Stockholm, Sweden},
 pages = {289--296},
 numpages = {8},
 url = {http://dl.acm.org/citation.cfm?id=2073796.2073829},
 acmid = {2073829},
 publisher = {Morgan Kaufmann Publishers Inc.},
 address = {San Francisco, CA, USA},
}