@inproceedings{Dumais:1988:ULS:57167.57214,
 author = {Dumais, S. T. and Furnas, G. W. and Landauer, T. K. and Deerwester, S. and Harshman, R.},
 title = {Using Latent Semantic Analysis to Improve Access to Textual Information},
 booktitle = {Proceedings of the SIGCHI Conference on Human Factors in Computing Systems},
 series = {CHI '88},
 year = {1988},
 isbn = {0-201-14237-6},
 location = {Washington, D.C., USA},
 pages = {281--285},
 numpages = {5},
 url = {http://doi.acm.org/10.1145/57167.57214},
 doi = {10.1145/57167.57214},
 acmid = {57214},
 publisher = {ACM},
 address = {New York, NY, USA},
}