@ARTICLE{Pevzner200219,
author={Pevzner, L. and Hearst, M.A.},
title={A critique and improvement of an evaluation metric for text segmentation},
journal={Computational Linguistics},
year={2002},
volume={28},
number={1},
pages={19-36},
doi={10.1162/089120102317341756},
note={cited By 154},
url={https://www.scopus.com/inward/record.uri?eid=2-s2.0-0037870455&doi=10.1162%2f089120102317341756&partnerID=40&md5=279abc4e76fcfc2c4a1896e76a245034},
document_type={Article},
source={Scopus},
}

@CONFERENCE{Banerjee200657,
author={Banerjee, S. and Rudnicky, A.I.},
title={A TextTiling based approach to topic boundary detection in meetings},
journal={Proceedings of the Annual Conference of the International Speech Communication Association, INTERSPEECH},
year={2006},
volume={1},
pages={57-60},
note={cited By 3},
url={https://www.scopus.com/inward/record.uri?eid=2-s2.0-44949112191&partnerID=40&md5=c795de090b91bcfd87663a2f836d86ff},
document_type={Conference Paper},
source={Scopus},
}


@CONFERENCE{Salton199653,
author={Salton, Gerard and Singhal, Amit and Buckley, Chris and Mitra, Mandar},
title={Automatic text decomposition using text segments and text themes},
journal={Proceedings of the ACM Conference on Hypertext},
year={1996},
pages={53-65},
note={cited By 50},
url={https://www.scopus.com/inward/record.uri?eid=2-s2.0-0029719642&partnerID=40&md5=b19ece3b323f83d5c1b14e6dcfb8cfdc},
document_type={Conference Paper},
source={Scopus},
}


@CONFERENCE{Kern2009167,
author={Kern, R. and Granitzer, M.},
title={Efficient linear text segmentation based on information retrieval techniques},
journal={Proceedings of the International Conference on Management of Emergent Digital EcoSystems, MEDES '09},
year={2009},
pages={167-171},
doi={10.1145/1643823.1643854},
note={cited By 10},
url={https://www.scopus.com/inward/record.uri?eid=2-s2.0-74549147972&doi=10.1145%2f1643823.1643854&partnerID=40&md5=1c6f73bc0e07446fcc178440e48bbc40},
document_type={Conference Paper},
source={Scopus},
}



@Article{Beeferman1999,
author="Beeferman, Doug
and Berger, Adam
and Lafferty, John",
title="Statistical Models for Text Segmentation",
journal="Machine Learning",
year="1999",
volume="34",
number="1",
pages="177--210",
issn="1573-0565",
doi="10.1023/A:1007506220214",
url="http://dx.doi.org/10.1023/A:1007506220214"
}



@article{CHAIBI2014437,
title = "Topic Segmentation for Textual Document Written in Arabic Language",
journal = "Procedia Computer Science",
volume = "35",
number = "",
pages = "437 - 446",
year = "2014",
note = "",
issn = "1877-0509",
doi = "http://dx.doi.org/10.1016/j.procs.2014.08.124",
url = "http://www.sciencedirect.com/science/article/pii/S1877050914010898",
author = "Anja Habacha Chaibi and Marwa Naili and Samia Sammoud",
keywords = "Topic segmentation",
keywords = "Arabic language processing",
keywords = "ArabC99",
keywords = "ArabTextTiling."
}


@article{Bokaei2015,
 author = {Bokaei, Mohammad Hadi and Sameti, Hossein and Liu, Yang},
 title = {Linear Discourse Segmentation of Multi-party Meetings Based on Local and Global Information},
 journal = {IEEE/ACM Trans. Audio, Speech and Lang. Proc.},
 issue_date = {November 2015},
 volume = {23},
 number = {11},
 month = nov,
 year = {2015},
 issn = {2329-9290},
 pages = {1879--1891},
 numpages = {13},
 url = {http://dx.doi.org/10.1109/TASLP.2015.2456430},
 doi = {10.1109/TASLP.2015.2456430},
 acmid = {2824173},
 publisher = {IEEE Press},
 address = {Piscataway, NJ, USA},
 keywords = {dynamic programming approach, linear discourse segmentation, meeting function segmentation, unsupervised algorithm},
}

@INPROCEEDINGS{Choi01latentsemantic,
    author = {Freddy Y. Y. Choi and Peter Wiemer-Hastings and Johanna Moore},
    title = {Latent Semantic Analysis for Text Segmentation},
    booktitle = {In Proceedings of EMNLP},
    year = {2001},
    pages = {109--117}
}

@inproceedings{Choi2000,
 author = {Choi, Freddy Y. Y.},
 title = {Advances in Domain Independent Linear Text Segmentation},
 booktitle = {Proceedings of the 1st North American Chapter of the Association for Computational Linguistics Conference},
 series = {NAACL 2000},
 year = {2000},
 location = {Seattle, Washington},
 pages = {26--33},
 numpages = {8},
 url = {http://dl.acm.org/citation.cfm?id=974305.974309},
 acmid = {974309},
 publisher = {Association for Computational Linguistics},
 address = {Stroudsburg, PA, USA},
} 



@inproceedings{Galley2003,
 author = {Galley, Michel and McKeown, Kathleen and Fosler-Lussier, Eric and Jing, Hongyan},
 title = {Discourse Segmentation of Multi-party Conversation},
 booktitle = {Proceedings of the 41st Annual Meeting on Association for Computational Linguistics - Volume 1},
 series = {ACL '03},
 year = {2003},
 location = {Sapporo, Japan},
 pages = {562--569},
 numpages = {8},
 url = {http://dx.doi.org/10.3115/1075096.1075167},
 doi = {10.3115/1075096.1075167},
 acmid = {1075167},
 publisher = {Association for Computational Linguistics},
 address = {Stroudsburg, PA, USA},
} 






@inproceedings{Hearst1994,
 author = {Hearst, Marti A.},
 title = {Multi-paragraph Segmentation of Expository Text},
 booktitle = {Proceedings of the 32Nd Annual Meeting on Association for Computational Linguistics},
 series = {ACL '94},
 year = {1994},
 location = {Las Cruces, New Mexico},
 pages = {9--16},
 numpages = {8},
 url = {http://dx.doi.org/10.3115/981732.981734},
 doi = {10.3115/981732.981734},
 acmid = {981734},
 publisher = {Association for Computational Linguistics},
 address = {Stroudsburg, PA, USA},
} 


