@article{Blei:2012:PTM:2133806.2133826,
 author = {Blei, David M.},
 title = {Probabilistic Topic Models},
 journal = {Commun. ACM},
 issue_date = {April 2012},
 volume = {55},
 number = {4},
 month = apr,
 year = {2012},
 issn = {0001-0782},
 pages = {77--84},
 numpages = {8},
 url = {http://doi.acm.org/10.1145/2133806.2133826},
 doi = {10.1145/2133806.2133826},
 acmid = {2133826},
 publisher = {ACM},
 address = {New York, NY, USA},
}