@book{Croft:2009:SEI:1516224,
 author = {Croft, Bruce and Metzler, Donald and Strohman, Trevor},
 title = {Search Engines: Information Retrieval in Practice},
 year = {2009},
 isbn = {0136072240, 9780136072249},
 edition = {1st},
 publisher = {Addison-Wesley Publishing Company},
 address = {USA},
}