

@InProceedings{Lee2011,
 author = {Jae-Kul Lee and Hyun-Je Song and Seong-Bae Park and Nick Bassiliades},
 title = {Two-Step Sentence Extraction for Summarization of Meeting Minutes},
 journal = {Eighth International Conference on Information Technology: New Generations},
 year = {2011},
 volume = {39},
 pages = {614--619}
}

@ARTICLE{Masakazu2013,
 author = {Masakazu TAKAHASHI and Kenji KIDO and Kazuhiro HASHIMOTO},
 title = {Towards the Profitability Trend Extraction from the Board Meeting Proceedings},
 journal = {17th International Conference in Knowledge Based and Intelligent Information and Engineering Systems - KES2013},
 volume = {78},
 year = {2013}
}

@ARTICLE{Miriam2013,
 author = {Miriam Schwartz-Ziv and Michael S. Weisbach},
 title = {What do boards really do? Evidence from minutes of board meetings},
 journal = {Journal of Financial Economics},
 year = {2013},
 volume = {108},
 number = {13},
 pages = {349-366}
}
