Scopus
EXPORT DATE: 9 July 2017

@ARTICLE{López2015227,
author={López, R. and Pardo, T.A.S.},
title={Experiments on sentence boundary detection in user-generated web content},
journal={Lecture Notes in Computer Science (including subseries Lecture Notes in Artificial Intelligence and Lecture Notes in Bioinformatics)},
year={2015},
volume={9041},
pages={227-237},
doi={10.1007/978-3-319-18111-0_18},
note={cited By 0},
url={https://www.scopus.com/inward/record.uri?eid=2-s2.0-84942571533&doi=10.1007%2f978-3-319-18111-0_18&partnerID=40&md5=23f43d9fe588110cf2821bf261100460},
document_type={Conference Paper},
source={Scopus},
}
