Scopus
EXPORT DATE: 9 July 2017

@CONFERENCE{Du20152232,
author={Du, L. and Pate, J.K. and Johnson, M.},
title={Topic segmentation with an ordering-based topic model},
journal={Proceedings of the National Conference on Artificial Intelligence},
year={2015},
volume={3},
pages={2232-2238},
note={cited By 2},
url={https://www.scopus.com/inward/record.uri?eid=2-s2.0-84959934772&partnerID=40&md5=a9d6f84dbe565b2a36f0d2a9ddcfcfd8},
document_type={Conference Paper},
source={Scopus},
}
