@inproceedings{Georgescul:2009:AQA:1654595.1654622,
 author = {Georgescul, Maria and Clark, Alexander and Armstrong, Susan},
 title = {An Analysis of Quantitative Aspects in the Evaluation of Thematic Segmentation Algorithms},
 booktitle = {Proceedings of the 7th SIGdial Workshop on Discourse and Dialogue},
 series = {SigDIAL '06},
 year = {2006},
 isbn = {1-932432-71-X},
 location = {Sydney, Australia},
 pages = {144--151},
 numpages = {8},
 url = {http://dl.acm.org/citation.cfm?id=1654595.1654622},
 acmid = {1654622},
 publisher = {Association for Computational Linguistics},
 address = {Stroudsburg, PA, USA},
}