Scopus
EXPORT DATE: 16 December 2016

@CONFERENCE{Salton199653,
author={Salton, Gerard and Singhal, Amit and Buckley, Chris and Mitra, Mandar},
title={Automatic text decomposition using text segments and text themes},
journal={Proceedings of the ACM Conference on Hypertext},
year={1996},
pages={53-65},
note={cited By 50},
url={https://www.scopus.com/inward/record.uri?eid=2-s2.0-0029719642&partnerID=40&md5=b19ece3b323f83d5c1b14e6dcfb8cfdc},
document_type={Conference Paper},
source={Scopus},
}
