@article{CHAIBI2014437,
title = "Topic Segmentation for Textual Document Written in Arabic Language",
journal = "Procedia Computer Science",
volume = "35",
number = "",
pages = "437 - 446",
year = "2014",
note = "",
issn = "1877-0509",
doi = "http://dx.doi.org/10.1016/j.procs.2014.08.124",
url = "http://www.sciencedirect.com/science/article/pii/S1877050914010898",
author = "Anja Habacha Chaibi and Marwa Naili and Samia Sammoud",
keywords = "Topic segmentation",
keywords = "Arabic language processing",
keywords = "ArabC99",
keywords = "ArabTextTiling."
}